@article{PROJECT,
	author		= {Wenxin Wang, Ton J.M. R{\"o}vekamp, Willem-Paul Brinkman},
	title		= {Designing and Evaluating a Self-Management Support System for Renal Transplant Patients: the First Step},
	year		= {2012},
    month 		= {August},	
    page		= {1},
    url 		= {http://mmi.tudelft.nl/sites/default/files/Designing%20and%20Evaluating%20a%20Self-Management%20Support%20System%20for%20Renal%20Transplant%20Patients-the%20First%20Step.pdf},
}

@article{INTERVIEW,
	author		= {Marten Dooper},
	title		= {Meer inzicht met 'Mijnnierinzicht'},
	year		= {2012},
    month 		= {June},					
    url 		= {http://www.ntvn.org/artikel/pdf/NTvN_2012-2_p13-15.pdf},
}

@article{ZMNF,
	author		= {C{\'e}line van Lint, Paul van der Boog},
	title		= {Zelfmonitoring van nierfunctie na niertransplantatie: de pati{\"e}nt als regisseur},
	year		= {2014},
    month 		= {April},					
    url 		= {http://www.uwbloedserieus.nl/documents/LUMC_ADMIREproject_NVKCpublieksprijs_12-03-2014.pdf},
}

@article{UFREASI,
	author		= {Tharaud, M. and Gardoll, S. and Khelifi, O. and Benedetti, M.F. and Sivry, Y.},
	title		= {UFREASI: User-FRiendly Elemental dAta procesSIng. A free and easy-to-use tool for elemental data treatment},
	year		= {2015},
    month 		= {},
    day			= {},
	url={http://www.scopus.com/inward/record.url?eid=2-s2.0-84923107053&partnerID=40&md5=ac07704d0376caedc17eab5d057d5beb},
}

@book{SeqAnalysis,
	author		= {Penelope M. Sanderson, Carolanne Fisher},
	title		= {Exploratory Sequential Data Analysis: Foundations},
	year		= {1994},
    volume		= {9},
}

@article{BloodPressure,
	author		= {Dr Michael Stowasser, Robin Armstrong},
	title		= {The advantages of self-measurement},
	year		= {1999},
    month 		= {September},
    url			= {http://www.heartfoundation.org.au/SiteCollectionDocuments/self-measurement-blood-prssure-health-professionals.pdf}
}