@article{UFREASI,
	author		= {Tharaud, M. and Gardoll, S. and Khelifi, O. and Benedetti, M.F. and Sivry, Y.},
	title		= {UFREASI: User-FRiendly Elemental dAta procesSIng. A free and easy-to-use tool for elemental data treatment},
	year		= {2015},
    month 		= {},
    day			= {},
	url={http://www.scopus.com/inward/record.url?eid=2-s2.0-84923107053&partnerID=40&md5=ac07704d0376caedc17eab5d057d5beb}
}